<?xml version="1.0" encoding="UTF-8"?>
<collection xmlns="http://www.loc.gov/MARC21/slim">
 <record>
  <leader>02659cam a2200481Ma 4500</leader>
  <controlfield tag="001">8961236</controlfield>
  <controlfield tag="005">20130218163700.0</controlfield>
  <controlfield tag="006">m        d        </controlfield>
  <controlfield tag="007">cr |n||||||||a</controlfield>
  <controlfield tag="008">121129s1990    iluabf  obc   001 0 eng d</controlfield>
  <datafield tag="035" ind1=" " ind2=" ">
   <subfield code="a">(OCoLC)820923831</subfield>
  </datafield>
  <datafield tag="035" ind1=" " ind2=" ">
   <subfield code="a">8961236</subfield>
  </datafield>
  <datafield tag="040" ind1=" " ind2=" ">
   <subfield code="a">NNU</subfield>
   <subfield code="b">eng</subfield>
   <subfield code="c">N15</subfield>
   <subfield code="d">CGU</subfield>
  </datafield>
  <datafield tag="043" ind1=" " ind2=" ">
   <subfield code="a">a-tu---</subfield>
   <subfield code="a">a-ir---</subfield>
  </datafield>
  <datafield tag="049" ind1=" " ind2=" ">
   <subfield code="a">CGUA</subfield>
  </datafield>
  <datafield tag="090" ind1=" " ind2=" ">
   <subfield code="a">GN855.T83</subfield>
   <subfield code="b">B76 1990</subfield>
  </datafield>
  <datafield tag="100" ind1="1" ind2=" ">
   <subfield code="a">Browman Morales, Vivian.</subfield>
  </datafield>
  <datafield tag="245" ind1="1" ind2="0">
   <subfield code="a">Figurines and other clay objects from Sarab and Cayönü</subfield>
   <subfield code="h">[electronic resource] /</subfield>
   <subfield code="c">Vivian Broman Morales ; with preface by R.J. Braidwood.</subfield>
  </datafield>
  <datafield tag="260" ind1=" " ind2=" ">
   <subfield code="a">Chicago, Ill. :</subfield>
   <subfield code="b">Oriental Institute of the University of Chicago,</subfield>
   <subfield code="c">1990.</subfield>
  </datafield>
  <datafield tag="300" ind1=" " ind2=" ">
   <subfield code="a">1 online resource (xv, 92 p., [1] p. of plates) :</subfield>
   <subfield code="b">ill., map.</subfield>
  </datafield>
  <datafield tag="490" ind1="1" ind2=" ">
   <subfield code="a">Oriental Institute communications,</subfield>
   <subfield code="x">0146-678X ;</subfield>
   <subfield code="v">no. 25</subfield>
  </datafield>
  <datafield tag="504" ind1=" " ind2=" ">
   <subfield code="a">Includes bibliographical references (p. 89-92).</subfield>
  </datafield>
  <datafield tag="650" ind1=" " ind2="0">
   <subfield code="a">Pottery figures, Prehistoric</subfield>
   <subfield code="z">Turkey.</subfield>
  </datafield>
  <datafield tag="650" ind1=" " ind2="0">
   <subfield code="a">Pottery figures, Prehistoric</subfield>
   <subfield code="z">Iran.</subfield>
  </datafield>
  <datafield tag="651" ind1=" " ind2="0">
   <subfield code="a">Cayönü Site (Turkey)</subfield>
  </datafield>
  <datafield tag="651" ind1=" " ind2="0">
   <subfield code="a">Sarab Site (Iran)</subfield>
  </datafield>
  <datafield tag="651" ind1=" " ind2="0">
   <subfield code="a">Turkey</subfield>
   <subfield code="x">Antiquities.</subfield>
  </datafield>
  <datafield tag="651" ind1=" " ind2="0">
   <subfield code="a">Iran</subfield>
   <subfield code="x">Antiquities.</subfield>
  </datafield>
  <datafield tag="650" ind1=" " ind2="7">
   <subfield code="a">Antiquities.</subfield>
   <subfield code="2">fast</subfield>
   <subfield code="0">http://id.worldcat.org/fast/fst00810745</subfield>
  </datafield>
  <datafield tag="650" ind1=" " ind2="7">
   <subfield code="a">Pottery figures, Prehistoric.</subfield>
   <subfield code="2">fast</subfield>
   <subfield code="0">http://id.worldcat.org/fast/fst01073634</subfield>
  </datafield>
  <datafield tag="651" ind1=" " ind2="7">
   <subfield code="a">Iran.</subfield>
   <subfield code="2">fast</subfield>
   <subfield code="0">http://id.worldcat.org/fast/fst01204889</subfield>
  </datafield>
  <datafield tag="651" ind1=" " ind2="7">
   <subfield code="a">Iran</subfield>
   <subfield code="z">Sarab Site.</subfield>
   <subfield code="2">fast</subfield>
   <subfield code="0">http://id.worldcat.org/fast/fst01256267</subfield>
  </datafield>
  <datafield tag="651" ind1=" " ind2="7">
   <subfield code="a">Turkey.</subfield>
   <subfield code="2">fast</subfield>
   <subfield code="0">http://id.worldcat.org/fast/fst01208963</subfield>
  </datafield>
  <datafield tag="651" ind1=" " ind2="7">
   <subfield code="a">Turkey</subfield>
   <subfield code="z">Cayönü Site.</subfield>
   <subfield code="2">fast</subfield>
   <subfield code="0">http://id.worldcat.org/fast/fst01256266</subfield>
  </datafield>
  <datafield tag="710" ind1="2" ind2=" ">
   <subfield code="a">University of Chicago.</subfield>
   <subfield code="b">Oriental Institute.</subfield>
  </datafield>
  <datafield tag="776" ind1="0" ind2="8">
   <subfield code="i">Print version:</subfield>
   <subfield code="a">Browman Morales, Vivian.</subfield>
   <subfield code="t">Figurines and other clay objects from Sarab and Cayönü.</subfield>
   <subfield code="d">Chicago, Ill. : Oriental Institute of the University of Chicago, 1990</subfield>
   <subfield code="z">0918986591</subfield>
   <subfield code="w">(DLC) 89063967</subfield>
   <subfield code="w">(OCoLC)21525885</subfield>
   <subfield code="w">(ICU)1105725</subfield>
  </datafield>
  <datafield tag="830" ind1=" " ind2="0">
   <subfield code="a">Oriental Institute communications ;</subfield>
   <subfield code="v">no. 25.</subfield>
  </datafield>
  <datafield tag="856" ind1="4" ind2="0">
   <subfield code="u">http://bibpurl.oclc.org/web/48183</subfield>
   <subfield code="z">(Click on the icon to the left of 'Terms of Use')</subfield>
  </datafield>
  <datafield tag="856" ind1="4" ind2="0">
   <subfield code="u">http://oi.uchicago.edu/research/pubs/catalog/oic/oic25.html</subfield>
   <subfield code="z">(Click on the icon to the left of 'Terms of Use')</subfield>
  </datafield>
  <datafield tag="856" ind1="4" ind2="0">
   <subfield code="u">https://oi.uchicago.edu/pdf/oic25.pdf</subfield>
  </datafield>
  <datafield tag="928" ind1=" " ind2=" ">
   <subfield code="u">https://oi.uchicago.edu/pdf/oic25.pdf</subfield>
   <subfield code="c">FullText</subfield>
   <subfield code="l">Online</subfield>
   <subfield code="t">LCC</subfield>
   <subfield code="a">GN855.T83B76 1990</subfield>
  </datafield>
  <datafield tag="928" ind1=" " ind2=" ">
   <subfield code="u">http://oi.uchicago.edu/research/pubs/catalog/oic/oic25.html</subfield>
   <subfield code="p">(Click on the icon to the left of 'Terms of Use')</subfield>
   <subfield code="c">FullText</subfield>
   <subfield code="l">Online</subfield>
   <subfield code="t">LCC</subfield>
   <subfield code="a">GN855.T83B76 1990</subfield>
  </datafield>
  <datafield tag="928" ind1=" " ind2=" ">
   <subfield code="u">http://bibpurl.oclc.org/web/48183</subfield>
   <subfield code="p">(Click on the icon to the left of 'Terms of Use')</subfield>
   <subfield code="c">FullText</subfield>
   <subfield code="l">Online</subfield>
   <subfield code="t">LCC</subfield>
   <subfield code="a">GN855.T83B76 1990</subfield>
  </datafield>
 </record>
</collection>
